@article{Strack2014,
  doi = {10.1155/2014/781670},
  url = {https://doi.org/10.1155/2014/781670},
  year = {2014},
  publisher = {Hindawi Limited},
  volume = {2014},
  pages = {1--11},
  author = {Beata Strack and Jonathan P. DeShazo and Chris Gennings and Juan L. Olmo and Sebastian Ventura and Krzysztof J. Cios and John N. Clore},
  title = {Impact of {HbA}1c Measurement on Hospital Readmission Rates: Analysis of 70, 000 Clinical Database Patient Records},
  journal = {{BioMed} Research International}
}
